<?xml version="1.0" encoding="UTF-8"?><collection xmlns="http://www.loc.gov/MARC21/slim"><record><leader>00468nam--2200157-u-4500</leader><controlfield tag="001">000034588</controlfield><controlfield tag="002">20161230</controlfield><controlfield tag="005">20161230201040</controlfield><controlfield tag="008">060222s1000------------r-----000-0-ger-d</controlfield><datafield ind1=" " ind2=" " tag="041"><subfield code="a">ger</subfield></datafield><datafield ind1=" " ind2=" " tag="080"><subfield code="a">53</subfield></datafield><datafield ind1="1" ind2=" " tag="100"><subfield code="a">Schaaffs,Werner</subfield></datafield><datafield ind1="1" ind2="0" tag="245"><subfield code="a">Molekularakustik. eine einfuhrung in die zusammenhange zwischen. ultraschall und molekulstruktur in flussigkeiten und gasen</subfield><subfield code="c">Werner schaffs</subfield></datafield><datafield ind1=" " ind2=" " tag="260"><subfield code="a">Berlin</subfield><subfield code="b">Springer Verlag</subfield><subfield code="c">1963</subfield></datafield><datafield ind1=" " ind2=" " tag="300"><subfield code="a">XV+497P</subfield></datafield><datafield ind1=" " ind2=" " tag="852"><subfield code="a">17006</subfield></datafield></record></collection>